% Online Literature => docs, articles and tools

@online{bottleneck,
    AUTHOR = {Martin Vogel},
    TITLE = {EDV-Lexikon},
    SUBTITLE = {Bottleneck},
    URL = {https://martinvogel.de/lexikon/bottleneck.html},
    URLDATE = {2024-10-28},
    PUBLISHER = {Martin Vogel},
    LOCATION = {Dortmund},
    YEAR = {2009},
}

@online{sysbench_mysql,
    AUTHOR = {Nils Reimers},
    TITLE = {Virtuelle, dezidierte und Cloud-Server},
    SUBTITLE = {MySQL-Benchmark mittels sysbench},
    URL = {https://www.webhosterwissen.de/know-how/server/mysql-benchmark-mittels-sysbench/},
    URLDATE = {2024-10-28},
    PUBLISHER = {WebhosterWissen},
    LOCATION = {Darmstadt},
    YEAR = {2017},
}

@online{sysbench_repo,
    AUTHOR = {Alexey Kopytov},
    TITLE = {Sysbench Github Repository},
    URL = {https://github.com/akopytov/sysbench},
    URLDATE = {2024-10-28},
    PUBLISHER = {Alexey Kopytov},
    YEAR = {2024},
}

@online{mybench_repo,
    AUTHOR = {Shopify},
    TITLE = {Mybench Github Repository},
    URL = {https://github.com/Shopify/mybench},
    URLDATE = {2024-10-28},
    PUBLISHER = {Shopify},
    YEAR = {2024},
}

@online{mybench_comparison,
    AUTHOR = {Shopify},
    TITLE = {What is mybench?},
    URL = {https://shopify.github.io/mybench/introduction.html},
    URLDATE = {2024-10-28},
    PUBLISHER = {Shopify},
    YEAR = {2022},
}

@online{mybench_user_interface,
    AUTHOR = {Shopify},
    TITLE = {Detailed design documentation},
    URL = {https://shopify.github.io/mybench/detailed-design-doc.html#live-monitoring-user-interface},
    URLDATE = {2024-10-28},
    PUBLISHER = {Shopify},
    YEAR = {2022},
}

@article{DifallahPCC13,
    author = {Djellel Eddine Difallah and Andrew Pavlo and Carlo Curino and Philippe Cudr{\'e}-Mauroux},
    title = {OLTP-Bench: An Extensible Testbed for Benchmarking Relational Databases},
    journal = {PVLDB},
    volume = {7},
    number = {4},
    year = {2013},
    pages = {277--288},
    url = {http://www.vldb.org/pvldb/vol7/p277-difallah.pdf},
}

@online{gnuplot_repo,
    AUTHOR = {Thomas Williams and Colin Kelley and {many others}},
    TITLE = {Gnuplot Repository},
    URL = {https://github.com/gnuplot/gnuplot},
    URLDATE = {2024-10-28},
    PUBLISHER = {Gnuplot},
    YEAR = {2024},
}

@online{github_cache_doku,
    AUTHOR = { GitHub },
    TITLE = { Caching dependencies to speed up workflows },
    URL = {https://docs.github.com/en/actions/writing-workflows/choosing-what-your-workflow-does/caching-dependencies-to-speed-up-workflows#comparing-artifacts-and-dependency-caching},
    URLDATE = {2025-01-07},
    YEAR = {2025},
}

@online{github_action_doku,
    AUTHOR = { GitHub },
    TITLE = { Understanding GitHub Actions},
    URL = {https://docs.github.com/en/actions/about-github-actions/understanding-github-actions},
    URLDATE = {2025-01-20},
    YEAR = {2025},
}

@online{github_action_matrix_doku,
    AUTHOR = {GitHub},
    TITLE = {Running variations of jobs in a workflow},
    URL = {https://docs.github.com/en/actions/writing-workflows/choosing-what-your-workflow-does/running-variations-of-jobs-in-a-workflow},
    URLDATE = {2025-01-20},
    YEAR = {2025},
}

@online{mat_view_features_per_db,
    AUTHOR = {Allan Ouko},
    TITLE = {SQL Materialized View: Verbesserung der Abfrageleistung},
    URL = {https://www.datacamp.com/de/tutorial/sql-materialized-view},
    URLDATE = {2025-01-26},
    YEAR = {2025},
}

@online{mysql_release,
    AUTHOR = {Oracle},
    TITLE = {MySQL 8.0 Release Notes},
    URL = {https://dev.mysql.com/doc/relnotes/mysql/8.0/en/},
    URLDATE = {2025-03-01},
    YEAR = {2025},
}

@online{mysql_trigger_syntax,
    AUTHOR = {Oracle},
    TITLE = {27.3.1 Trigger Syntax and Examples},
    URL = {https://dev.mysql.com/doc/refman/8.4/en/trigger-syntax.html},
    URLDATE = {2025-01-27},
    YEAR = {2025},
}

@online{mysql_partition_types,
    AUTHOR = {Oracle},
    TITLE = {26.2 Partitioning Types},
    URL = {https://dev.mysql.com/doc/refman/8.4/en/partitioning-types.html},
    URLDATE = {2025-02-17},
    YEAR = {2025},
}

@online{mysql_primary_key,
    AUTHOR = {Oracle},
    TITLE = {10.3.1 How MySQL Uses Indexes},
    URL = {https://dev.mysql.com/doc/refman/8.4/en/mysql-indexes.html},
    URLDATE = {2025-02-28},
    YEAR = {2025},
}

@online{mysql_nof_partitions,
    AUTHOR = {Oracle},
    TITLE = {26.6 Restrictions and Limitations on Partitioning},
    URL = {https://dev.mysql.com/doc/refman/8.4/en/partitioning-limitations.html},
    URLDATE = {2025-02-17},
    YEAR = {2025},
}

@online{mysql_data_types_numeric,
    AUTHOR = {Oracle},
    TITLE = {13.1.2 Integer Types (Exact Value) - INTEGER, INT, SMALLINT, TINYINT, MEDIUMINT, BIGINT},
    URL = {https://dev.mysql.com/doc/refman/8.4/en/integer-types.html},
    URLDATE = {2025-03-07},
    YEAR = {2025},
}

@online{snapshot,
    AUTHOR = {Microsoft},
    TITLE = {Database snapshots (SQL Server)},
    URL = {https://learn.microsoft.com/en-us/sql/relational-databases/databases/database-snapshots-sql-server?view=sql-server-ver16},
    URLDATE = {2025-03-12},
    YEAR = {2024},
}

@online{perzentil_erklaerung,
    AUTHOR = {Christian Reinboth},
    TITLE = {Grundlagen der Statistik: Lagemaße – Median, Quartile, Perzentile und Modus},
    URL = {https://wissenschafts-thurm.de/grundlagen-der-statistik-lagemasse-median-quartile-perzentile-und-modus/},
    URLDATE = {2025-03-04},
    YEAR = {2020},
}

% Verwendete Tools und Dependencies

@MISC{gnuplot,
    AUTHOR = {Thomas Williams and Colin Kelley and {many others}},
    TITLE = {Gnuplot 4.4: an interactive plotting program},
    MONTH = {March},
    YEAR = {2010},
    HOWPUBLISHED={\url{http://gnuplot.sourceforge.net/}}
}

@software{reback2020pandas,
    AUTHOR       = {The pandas development team},
    TITLE        = {pandas-dev/pandas: Pandas},
    MONTH        = feb,
    YEAR         = 2020,
    PUBLISHER    = {Zenodo},
    VERSION      = {latest},
    DOI          = {10.5281/zenodo.3509134},
    URL          = {https://doi.org/10.5281/zenodo.3509134}
}

@Article{hunter_2007,
    AUTHOR    = {Hunter, J. D.},
    TITLE     = {Matplotlib: A 2D graphics environment},
    JOURNAL   = {Computing in Science \& Engineering},
    VOLUME    = {9},
    NUMBER    = {3},
    PAGES     = {90--95},
    ABSTRACT  = {Matplotlib is a 2D graphics package used for Python for
  application development, interactive scripting, and publication-quality
  image generation across user interfaces and operating systems.},
    PUBLISHER = {IEEE COMPUTER SOC},
    DOI       = {10.1109/MCSE.2007.55},
    YEAR      = 2007
}

% Literatur 01-08 (siehe PDF-Ordner)

@article{silberschatz2011database,
    title = {Database system concepts},
    author = {Silberschatz, Abraham and Korth, Henry F and Sudarshan, Shashank},
    year = {2011},
    journal = {Development},
    publisher = {McGraw-Hill Education}
}

@book{garcia2008database,
    title = {Database systems: the complete book},
    author = {Garcia-Molina, Hector and Ullman, Jeffrey D and Widom, Jennifer},
    year = {2008},
    publisher = {Pearson Education India}
}

@article{winand2011sql,
    title = {SQL performance explained},
    author = {Winand, Markus},
    journal = {Development},
    year = {2011}
}

@book{ramakrishnan2002database,
    title = {Database management systems},
    author = {Ramakrishnan, Raghu and Gehrke, Johannes},
    year = {2002},
    publisher = {McGraw-Hill, Inc.}
}

@book{kleppmann2017designing,
    title = {Designing data-intensive applications: The big ideas behind reliable, scalable, and maintainable systems},
    author = {Kleppmann, Martin},
    year = {2017},
    publisher = {O'Reilly Media},
}

@book{kimball2011data,
    title = {The data warehouse toolkit: the complete guide to dimensional modeling},
    author = {Kimball, Ralph and Ross, Margy},
    year = {2011},
    publisher = {John Wiley \& Sons}
}

@book{schwartz2012high,
    title = {High performance MySQL: optimization, backups, and replication},
    author = {Schwartz, Baron and Zaitsev, Peter and Tkachenko, Vadim},
    year = {2012},
    publisher = {O'Reilly Media}
}

@book{da2015redis,
    title = {Redis Essentials},
    author = {Da Silva, Maxwell Dayvson and Tavares, Hugo Lopes},
    year = {2015},
    publisher = {Packt Publishing Ltd}
}